<record><leader>00000cas a2200000   4500</leader><controlfield tag="001">2252324</controlfield><controlfield tag="008">760620c19239999nduwn ne     o0   a0eng d</controlfield><controlfield tag="009">501</controlfield><datafield ind1=" " ind2=" " tag="010"><subfield code="a">sn 80002077 </subfield></datafield><datafield ind1=" " ind2=" " tag="040"><subfield code="a">MUL</subfield><subfield code="b">eng</subfield><subfield code="c">MUL</subfield><subfield code="d">NSD</subfield><subfield code="d">OCL</subfield><subfield code="d">OCLCQ</subfield><subfield code="d">CUS</subfield><subfield code="d">OCLCF</subfield></datafield><datafield ind1=" " ind2=" " tag="012"><subfield code="k">1</subfield><subfield code="m">1</subfield></datafield><datafield ind1="1" ind2=" " tag="022"><subfield code="a">0274-9262</subfield><subfield code="l">0274-9262</subfield><subfield code="2">1</subfield></datafield><datafield ind1="1" ind2=" " tag="029"><subfield code="a">AU@</subfield><subfield code="b">000020580797</subfield></datafield><datafield ind1=" " ind2=" " tag="032"><subfield code="a">147360</subfield><subfield code="b">USPS</subfield></datafield><datafield ind1=" " ind2=" " tag="042"><subfield code="a">nsdp</subfield></datafield><datafield ind1="1" ind2="4" tag="050"><subfield code="a">LH1</subfield><subfield code="b">.D25</subfield></datafield><datafield ind1=" " ind2="4" tag="222"><subfield code="a">The Dakota student</subfield></datafield><datafield ind1="0" ind2="4" tag="245"><subfield code="a">The Dakota student.</subfield></datafield><datafield ind1=" " ind2=" " tag="260"><subfield code="a">Grand Forks,</subfield><subfield code="b">University of North Dakota.</subfield></datafield><datafield ind1=" " ind2=" " tag="300"><subfield code="a">v.</subfield><subfield code="b">ill.</subfield><subfield code="c">35-54 cm.</subfield></datafield><datafield ind1=" " ind2=" " tag="310"><subfield code="a">Weekly (during the school year, except Thanksgiving, Christmas, and semester breaks)</subfield></datafield><datafield ind1="0" ind2=" " tag="362"><subfield code="a">v. 38-   Sept. 25, 1923-</subfield></datafield><datafield ind1=" " ind2="0" tag="650"><subfield code="a">College student newspapers and periodicals</subfield><subfield code="z">North Dakota.</subfield></datafield><datafield ind1=" " ind2="7" tag="650"><subfield code="a">College student newspapers and periodicals.</subfield><subfield code="2">fast</subfield><subfield code="0">(OCoLC)fst00867966</subfield></datafield><datafield ind1=" " ind2="7" tag="651"><subfield code="a">North Dakota.</subfield><subfield code="2">fast</subfield><subfield code="0">(OCoLC)fst01205582</subfield></datafield><datafield ind1="2" ind2=" " tag="710"><subfield code="a">University of North Dakota.</subfield></datafield><datafield ind1="0" ind2="8" tag="776"><subfield code="i">Online version:</subfield><subfield code="t">Dakota student (Online)</subfield><subfield code="w">(OCoLC)60623803</subfield></datafield><datafield ind1="0" ind2="0" tag="780"><subfield code="t">Student (University, N.D. : 1908)</subfield><subfield code="w">(OCoLC)19695434</subfield></datafield><datafield ind1=" " ind2=" " tag="936"><subfield code="a">unknown</subfield><subfield code="a">Aug. 28, 1980</subfield></datafield></record>